@article{RobotsYuk2017hydraulic,
  title={Hydraulic hydrogel actuators and robots optically and sonically camouflaged in water},
  author={Yuk, Hyunwoo and Lin, Shaoting and Ma, Chu and Takaffoli, Mahdi and Fang, Nicolas X and Zhao, Xuanhe},
  journal={Nature communications},
  volume={8},
  number={1},
  pages={1--12},
  year={2017},
  publisher={Nature Publishing Group}
}
@inproceedings{Near1996Piezoelectric,
  title={Piezoelectric actuator technology},
  author={Near, Craig D},
  booktitle={Smart Structures and Materials 1996: Smart Structures and Integrated Systems},
  volume={2717},
  pages={246--258},
  year={1996},
  organization={SPIE}
}


@article{hines2017soft,
  title={Soft actuators for small-scale robotics},
  author={Hines, Lindsey and Petersen, Kirstin and Lum, Guo Zhan and Sitti, Metin},
  journal={Advanced materials},
  volume={29},
  number={13},
  pages={1603483},
  year={2017},
  publisher={Wiley Online Library}
}

@article{Nema,
  title={Stepper Motors},
  author={Carrier, DRV8825 Stepper Motor Driver and Carrier, DRV8880 Stepper Motor Driver},
  year={2001}
}
@article{Valve,
  title={MODELING AND CONTROLLER DESIGN OF PNEUMATIC ACTUATOR SYSTEM WITH CONTROL VALVE.},
  author={Lai, WK and Rahmat, MF and Wahab, N Abdul},
  journal={International Journal on Smart Sensing \& Intelligent Systems},
  volume={5},
  number={3},
  year={2012},
  publisher={Citeseer}
}